<record xmlns="http://www.loc.gov/MARC21/slim" xmlns:xsi="http://www.w3.org/2001/XMLSchema-instance" xsi:schemaLocation="http://www.loc.gov/MARC21/slim http://www.loc.gov/standards/marcxml/schema/MARC21slim.xsd">

  <leader>01847nam a22003137a 4500</leader>
  <controlfield tag="008">160502b2015    a  ||||| |||| 00| | spa d</controlfield>
  <datafield tag="020" ind1=" " ind2=" ">
    <subfield code="a">9789870865</subfield>
  </datafield>
  <datafield ind1=" " ind2=" " tag="090">
    <subfield code="a">06.03.06</subfield>
    <subfield code="b">2316</subfield>
  </datafield>
  <datafield ind2="4" ind1="1" tag="245">
    <subfield code="a">Los desafíos de la universidad pública en América Latina y El Caribe /</subfield>
    <subfield code="c">Presentación Carolina Mera; Adrián Acosta Silva, Daniela Atairo, Antonio Camou, Andrés Donoso Romo, Mía Dragnic García, Lía Pinheiro Barbosa, Diego Mauricio Higuera Rubio, Robinzon Piñeros Lizarazo, Gineth Andrea Álvarez Satizabal, Agustín Cano Menoni, Axel Didriksson Takayanagui</subfield>
  </datafield>
  <datafield ind2=" " ind1=" " tag="260">
    <subfield code="a">Buenos Aires : Argentina</subfield>
    <subfield code="b"> CLACSO : Instituto de Investigaciones Gino Germani, </subfield>
    <subfield code="c">2015</subfield>
  </datafield>
  <datafield ind2=" " ind1=" " tag="300">
    <subfield code="a">412 páginas</subfield>
  </datafield>
  <datafield tag="500" ind1=" " ind2=" ">
    <subfield code="a">"Este libro presenta los ensayos que fueron seleccionados en el marco del Concruso de Premios Pedro Krotsch de Estudios sobre la Universidad "Los desafíos de la universidad públcia en América Latina y el Caribe", organizado por la Red de Posgrados en Ciencias Sociales del Consejo Latinoamericano de Ciencias Sociales (CLACSO) y el Instituto de investigaciones Gino Germanid e la Facultad de Ciencias Sociales de la Universidad de Buenos Aires (IIGG, UBA)</subfield>
  </datafield>
  <datafield tag="650" ind1="1" ind2="4">
    <subfield code="9">394</subfield>
    <subfield code="a">EDUCACIÓN PÚBLICA </subfield>
  </datafield>
  <datafield tag="650" ind1="1" ind2="4">
    <subfield code="9">16</subfield>
    <subfield code="a">UNIVERSIDADES </subfield>
  </datafield>
  <datafield tag="650" ind1="1" ind2="4">
    <subfield code="9">8</subfield>
    <subfield code="a">EDUCACIÓN SUPERIOR</subfield>
  </datafield>
  <datafield tag="650" ind1="1" ind2="4">
    <subfield code="9">1663</subfield>
    <subfield code="a">MOVILIDAD ESTUDIANTIL</subfield>
  </datafield>
  <datafield ind1="1" ind2=" " tag="700">
    <subfield code="9">1653</subfield>
    <subfield code="a"> Acosta Silva, Adrián</subfield>
  </datafield>
  <datafield tag="700" ind2=" " ind1="1">
    <subfield code="9">1654</subfield>
    <subfield code="a">Atairo, Daniela </subfield>
  </datafield>
  <datafield ind2=" " ind1="1" tag="700">
    <subfield code="9">1655</subfield>
    <subfield code="a">Camou,  Antonio</subfield>
  </datafield>
  <datafield tag="700" ind2=" " ind1="1">
    <subfield code="9">1656</subfield>
    <subfield code="a">Donoso Romo, Andrés </subfield>
  </datafield>
  <datafield ind2=" " ind1="1" tag="700">
    <subfield code="9">1657</subfield>
    <subfield code="a">Dragnic García, Mía </subfield>
  </datafield>
  <datafield tag="700" ind1="1" ind2=" ">
    <subfield code="9">1658</subfield>
    <subfield code="a"> Pinheiro  Barbosa, Lía</subfield>
  </datafield>
  <datafield ind2=" " ind1="1" tag="700">
    <subfield code="9">1659</subfield>
    <subfield code="a"> Higuera Rubio, Diego Mauricio</subfield>
  </datafield>
  <datafield tag="700" ind1="1" ind2=" ">
    <subfield code="9">1660</subfield>
    <subfield code="a">Piñeros Lizarazo, Robinzon </subfield>
  </datafield>
  <datafield tag="700" ind2=" " ind1="1">
    <subfield code="9">1661</subfield>
    <subfield code="a"> Álvarez Satizabal, Gineth Andrea</subfield>
  </datafield>
  <datafield tag="700" ind1="1" ind2=" ">
    <subfield code="9">1662</subfield>
    <subfield code="a"> Cano Menoni, Agustín</subfield>
  </datafield>
  <datafield tag="700" ind2=" " ind1="1">
    <subfield code="9">970</subfield>
    <subfield code="a">Didriksson Takayanagui, Axel</subfield>
  </datafield>
  <datafield tag="942" ind1=" " ind2=" ">
    <subfield code="2">z</subfield>
    <subfield code="c">01</subfield>
  </datafield>
  <datafield ind1=" " ind2=" " tag="999">
    <subfield code="c">3182</subfield>
    <subfield code="d">3182</subfield>
  </datafield>
</record>